@article{art1,
	author = {Bell, Stephanie and Partridge, Brad and Lucke, Jayne and Hall, Wayne},
	year = {2012},
	month = {04},
	pages = {},
	title = {Australian University Studentsâ€™ Attitudes Towards the Acceptability and Regulation of Pharmaceuticals to Improve Academic Performance},
	volume = {6},
	journal = {Neuroethics},
	doi = {10.1007/s12152-012-9153-9}
}
@article{art2,
author = {Devroey, Dirk},
year = {2011},
month = {07},
pages = {},
title = {Rilatine niet nuttig voor gezonde studenten},
volume = {},
journal = {VUB},
doi = {}
}
@article{art3,
author = {Firth, Jonathan},
year = {2018},
month = {02},
pages = {},
title = {The application of spacing and interleaving approaches in the classroom},
volume = {},
journal = {Impact, Chartered College},
doi = {}
}
@article{art4,
	author = {Smith, Megan and Weinstein, Yana},
	year = {2016},
	month = {07},
	pages = {},
	title = {Learn how to study using elaboration},
	volume = {},
	journal = {Learning Scientists},
	doi = {}
}
@article{art5,
	author = {Hartwig, Marissa K. and Dunlosky, John},
	year = {2011},
	month = {11},
	pages = {},
	title = {Study strategies of college students: Are self-testing
	and scheduling related to achievement?},
	volume = {},
	journal = {Psychon Bull Rev},
	doi = {10.3758/s13423-011-0181-y}
}
@article{art6,
	author = {Dunlosky, John and Rawson, Katherine and Marsh, Elizabeth and Nathan, Mitchell and Willingham, Daniel},
	year = {2017},
	month = {12},
	pages = {},
	title = {Studiemethoden: welke werken, en welke niet?},
	volume = {},
	journal = {Eos Psyche&Brein},
	doi = {}
}
@article{art7,
	author = {Roediger, Henry and Butler, Andrew},
	year = {2011},
	month = {01},
	pages = {20-27},
	title = {The critical role of retrieval practice in
	long-term retention},
	volume = {15},
	journal = {Trends in Cognitive Sciences},
	doi = {10.1016/j.tics.2010.09.003}
}
@article{art8,
author = {Butler, Andrew and Roediger, Henry},
year = {2007},
month = {07},
pages = {514-527},
title = {Testing improves long-term retention in a simulated classroom setting},
volume = {19},
journal = {EUROPEAN JOURNAL OF COGNITIVE PSYCHOLOGY},
doi = {10.1080/09541440701326097}
}